<?xml version="1.0" encoding="utf-8"?>
<record xmlns="http://www.loc.gov/MARC21/slim" xmlns:xsi="http://www.w3.org/2001/XMLSchema-instance" xsi:schemaLocation="http://www.loc.gov/MARC21/slim http://www.loc.gov/standards/marcxml/schema/MARC21slim.xsd">
	<leader>     nam a22     Mi 4500</leader>
	<controlfield tag="001">b12453894</controlfield>
	<controlfield tag="003">LeBAU</controlfield>
	<controlfield tag="006">m        d        </controlfield>
	<controlfield tag="007">cr cn |||m|||a</controlfield>
	<controlfield tag="008">210518s1923    ua      ob    ||0 0 ara d</controlfield>
	<datafield ind1=" " ind2=" " tag="040">
		<subfield code="a">ZYU</subfield>
		<subfield code="b">ara</subfield>
		<subfield code="e">rda</subfield>
		<subfield code="c">ZYU</subfield>
	</datafield>
	<datafield ind1="0" ind2="4" tag="082">
		<subfield code="a">649.1</subfield>
		<subfield code="2">23</subfield>
	</datafield>
	<datafield ind1="1" ind2=" " tag="100">
		<subfield code="6">880-01</subfield>
		<subfield code="a">Ṣarrūf, Fuʼād,</subfield>
		<subfield code="d">1900-1985.</subfield>
		<subfield code="e">author.</subfield>
		<subfield code="0">https://lccn.loc.gov/nr89013365 ,</subfield>
	</datafield>
	<datafield ind1="1" ind2="0" tag="245">
		<subfield code="6">880-02</subfield>
		<subfield code="a">Tahdhīb al-nafs /</subfield>
		<subfield code="c">bi-qalam Fuʼād Ṣarrūf.</subfield>
	</datafield>
	<datafield ind1=" " ind2="1" tag="264">
		<subfield code="6">880-03</subfield>
		<subfield code="a">Miṣr :</subfield>
		<subfield code="b">Maṭbaʻat al-Muqtaṭaf wa-al-Muqaṭṭam,</subfield>
		<subfield code="c">1923.</subfield>
	</datafield>
	<datafield ind1=" " ind2=" " tag="300">
		<subfield code="6">880-04</subfield>
		<subfield code="a">online resource (72 pages, 7 unnumbered pages)</subfield>
	</datafield>
	<datafield ind1=" " ind2=" " tag="336">
		<subfield code="a">text</subfield>
		<subfield code="2">rdacontent</subfield>
	</datafield>
	<datafield ind1=" " ind2=" " tag="337">
		<subfield code="a">computer</subfield>
		<subfield code="2">rdamedia</subfield>
	</datafield>
	<datafield ind1=" " ind2=" " tag="338">
		<subfield code="a">online resource</subfield>
		<subfield code="2">rdacarrier</subfield>
	</datafield>
	<datafield ind1=" " ind2=" " tag="500">
		<subfield code="a">Part of the Arabic Collections Online (ACO) project, contributed by American University of Beirut's Jafet Memorial Library.</subfield>
	</datafield>
	<datafield ind1=" " ind2=" " tag="533">
		<subfield code="a">Electronic reproduction.</subfield>
		<subfield code="b">New York, N.Y. :</subfield>
		<subfield code="c">New York University,</subfield>
		<subfield code="d">2021.</subfield>
		<subfield code="5">NNU</subfield>
	</datafield>
	<datafield ind1=" " ind2="0" tag="650">
		<subfield code="6">880-05</subfield>
		<subfield code="a">Child rearing.</subfield>
	</datafield>
	<datafield ind1=" " ind2="0" tag="650">
		<subfield code="6">880-06</subfield>
		<subfield code="a">Child psychology.</subfield>
	</datafield>
	<datafield ind1="1" ind2=" " tag="700">
		<subfield code="6">880-07</subfield>
		<subfield code="a">Bustānī, Yūsuf Tūmā,</subfield>
		<subfield code="d">1892-1952.</subfield>
		<subfield code="e">publisher.</subfield>
		<subfield code="0">https://lccn.loc.gov/n84145990 ,</subfield>
	</datafield>
	<datafield ind1="2" ind2=" " tag="710">
		<subfield code="a">Jafet Memorial Library.</subfield>
	</datafield>
	<datafield ind1="0" ind2=" " tag="730">
		<subfield code="a">Arabic Collections Online.</subfield>
	</datafield>
	<datafield ind1="0" ind2="8" tag="776">
		<subfield code="i">Print version:</subfield>
		<subfield code="a">Ṣarrūf, Fuʼād, 1900-1985. author. https://lccn.loc.gov/nr89013365 ,</subfield>
		<subfield code="t">Tahdhīb al-nafs</subfield>
		<subfield code="w">(LeBAU)b12453894</subfield>
	</datafield>
	<datafield ind1="4" ind2="0" tag="856">
		<subfield code="u">http://hdl.handle.net/2333.1/c2fqzhdk</subfield>
	</datafield>
	<datafield ind1="1" ind2=" " tag="880">
		<subfield code="6">100-01</subfield>
		<subfield code="a">صروف، فؤاد،</subfield>
		<subfield code="d">1900-1985،</subfield>
		<subfield code="0">https://lccn.loc.gov/nr89013365 ,</subfield>
		<subfield code="e">مؤلف.</subfield>
		<subfield code="4">aut.</subfield>
	</datafield>
	<datafield ind1="1" ind2="0" tag="880">
		<subfield code="6">245-02</subfield>
		<subfield code="a">تهذيب النفس /</subfield>
		<subfield code="c">بقلم فؤاد صروف .</subfield>
	</datafield>
	<datafield ind1=" " ind2="1" tag="880">
		<subfield code="6">264-03</subfield>
		<subfield code="a">مصر :</subfield>
		<subfield code="b">مطبعة المقتطف والمقطم،</subfield>
		<subfield code="c">1923.</subfield>
	</datafield>
	<datafield ind1=" " ind2=" " tag="880">
		<subfield code="6">300-04</subfield>
		<subfield code="a">72 صفحة 7 صفحات غير مرقمة ؛</subfield>
		<subfield code="c">22 سم</subfield>
	</datafield>
	<datafield ind1=" " ind2=" " tag="880">
		<subfield code="6">500-00</subfield>
		<subfield code="a">&quot;عني بنشره يوسف توما البستاني، صاحب مكتبة العرب بالفجالة.&quot;</subfield>
	</datafield>
	<datafield ind1=" " ind2=" " tag="880">
		<subfield code="6">504-00</subfield>
		<subfield code="a">يتضمن مراجع ببليوغرافية (صفحة [74])</subfield>
	</datafield>
	<datafield ind1=" " ind2="4" tag="880">
		<subfield code="6">650-05</subfield>
		<subfield code="a">تربية الأطفال.</subfield>
	</datafield>
	<datafield ind1=" " ind2="4" tag="880">
		<subfield code="6">650-06</subfield>
		<subfield code="a">الأطفال، علم النفس.</subfield>
	</datafield>
	<datafield ind1="1" ind2=" " tag="880">
		<subfield code="6">700-07</subfield>
		<subfield code="a">البستاني، يوسف توما،</subfield>
		<subfield code="d">1892-1952،</subfield>
		<subfield code="0">https://lccn.loc.gov/n84145990 ,</subfield>
		<subfield code="e">ناشر.</subfield>
		<subfield code="4">pbl.</subfield>
	</datafield>
	<datafield ind1=" " ind2=" " tag="959">
		<subfield code="a">NNU</subfield>
		<subfield code="b">WEB</subfield>
		<subfield code="c">GENI</subfield>
		<subfield code="t">0</subfield>
		<subfield code="m">Electronic access</subfield>
		<subfield code="s">01</subfield>
	</datafield>
	<datafield ind1=" " ind2=" " tag="999">
		<subfield code="i">LeBAU_b12453894</subfield>
		<subfield code="s">aub_aco004154</subfield>
		<subfield code="e">(ERROR-MISC)</subfield>
		<subfield code="s">aub_aco004154</subfield>
	</datafield>
</record>
